@Book{James2013,
  author    = {Gareth James and Daniela Witten and Trevor Hastie and Robert Tibshirani},
  title     = {An Introduction to Statistical Learning: with Applications in R},
  publisher = {Springer},
  year      = {2013},
  url       = {https://faculty.marshall.usc.edu/gareth-james/ISL/},
}

@Book{wood2017,
  author    = {Simon Wood},
  title     = {Generalized Additive Models: An Introduction with R},
  publisher = {Chapman and Hall/CRC},
  year      = {2017},
  edition   = {2nd},
}

@Misc{OpenAI2024,
  author       = {OpenAI},
  title        = {{C}hat{GPT} - {AI} {L}anguage {M}odel},
  year         = {2024},
  url          = {https://openai.com/research/chatgpt},
  note         = {Accessed: [2023 - 2024]},
}

@Dataset{SBCLTERWindData2023,
  author    = {Santa Barbara Coastal LTER and L. Kui and L. Washburn},
  title     = {SBC LTER: Wind data near Santa Barbara, from both land stations and ocean buoys},
  year      = {2023},
  publisher = {Environmental Data Initiative},
  version   = {1},
  url       = {https://doi.org/10.6073/pasta/06cc8320d0e29e7e008dc2c55fcfb789},
  note      = {Accessed 2023-09-10},
}

@InProceedings{Amdahl1967,
  author       = {Gene M. Amdahl},
  title        = {Validity of the single processor approach to achieving large scale computing capabilities},
  booktitle    = {AFIPS conference proceedings},
  year         = {1967},
  volume       = {30},
  pages        = {483--485},
  organization = {ACM},
}

@Article{Gustafson1988,
  author    = {John L. Gustafson},
  title     = {Reevaluating Amdahl's law},
  journal   = {Communications of the ACM},
  year      = {1988},
  volume    = {31},
  number    = {5},
  pages     = {532--533},
  publisher = {ACM},
}

@Book{Leskovec2014,
  author    = {Jure Leskovec and Anand Rajaraman and Jeffrey David Ullman},
  title     = {Mining of Massive Datasets},
  publisher = {Cambridge University Press},
  year      = {2014},
}

@Article{Dean2008,
  author    = {Jeffrey Dean and Sanjay Ghemawat},
  title     = {MapReduce: Simplified data processing on large clusters},
  journal   = {Communications of the ACM},
  year      = {2008},
  volume    = {51},
  number    = {1},
  pages     = {107--113},
  publisher = {ACM},
}

@Book{Cormen2009,
  author    = {Thomas H. Cormen and Charles E. Leiserson and Ronald L. Rivest and Clifford Stein},
  title     = {Introduction to Algorithms},
  edition   = {3},
  year      = {2009},
  publisher = {MIT Press},
}

@Article{Reuters2021Meme,
  author  = {Reuters},
  title   = {{Meme stock hangover: a year after GameStop, traders face gloomier markets}},
  journal = {Reuters},
  year    = {2021},
  url     = {https://www.reuters.com/article/us-retail-trading-one-year-idUSKBN2JZ0E9},
}

@Book{Frees2010,
  author    = {Edward W. Frees},
  title     = {{Regression Modeling with Actuarial and Financial Applications}},
  publisher = {Cambridge University Press},
  year      = {2010},
  address   = {Cambridge ; New York},
}

@Article{GlmmTMB2017,
  author  = {Mollie Brooks and Tore Berg Kristiansen and others},
  title   = {{glmmTMB Balances Speed and Flexibility Among Packages for Zero-inflated Generalized Linear Mixed Modeling}},
  journal = {The R Journal},
  year    = {2017},
  volume  = {9},
}

@article{Kristensen2016TMB,
  title={TMB: Automatic Differentiation and Laplace Approximation},
  author={Kristensen, Kasper and Nielsen, Anders and Berg, Casper W. and Skaug, Hans and Bell, Bradley M.},
  journal={Journal of Statistical Software},
  volume={70},
  number={5},
  year={2016},
  month={Apr},
  doi={10.18637/jss.v070.i05},
  publisher={DTU Compute, DTU Aqua, University of Bergen, University of Washington}
}

@book{deJong2008,
  title={{Generalized Linear Models for Insurance Data}},
  author={de Jong, Piet and Heller, Gillian Z.},
  series={International Series on Actuarial Science},
  publisher={Cambridge University Press},
  year={2008},
  pages={91-94},
}

@mastersthesis{grindheim,
  author = {Grindheim, Brage},
  title = {Modellering av overdispersjon i populasjonsdata},
  school = {The University of Bergen},
  year = {2023},
  url = {https://hdl.handle.net/11250/3110237},
  note = {Accessed: 2023-05-09}
}

@article{Wallisch2022,
  title={{Review of guidance papers on regression modeling in statistical series of medical journals}},
  author={Wallisch, C. and Bach, P. and Hafermann, L. and Klein, N. and Sauerbrei, W. and Steyerberg, E.W. and Heinze, G. and Rauch, G.},
  journal={PLoS One},
  volume={17},
  number={1},
  pages={e0262918},
  year={2022},
  doi={10.1371/journal.pone.0262918},
  PMID={35073384},
  PMCID={PMC8786189},
  date={2022-01-24},
  publisher={Public Library of Science}
}


@article{JorgensenDeSouza1994,
  title={{Fitting Tweedie’s compound Poisson model to insurance claims data}},
  author={Jørgensen, Bent and de Souza, M.C.P.},
  journal={Scandinavian Actuarial Journal},
  pages={69--93},
  year={1994}
}




@misc{WikiAutomaticDiff2024,
  author = {{Wikipedia contributors}},
  title = {Automatic differentiation --- {Wikipedia}{,} The Free Encyclopedia},
  year = {2024},
  howpublished = {\url{https://en.wikipedia.org/wiki/Automatic_differentiation}},
  note = {Accessed: 2024-03-23}
}


@ARTICLE{wolpert1997,
  author={Wolpert, D.H. and Macready, W.G.},
  journal={IEEE Transactions on Evolutionary Computation}, 
  title={No free lunch theorems for optimization}, 
  year={1997},
  volume={1},
  number={1},
  pages={67-82},
  keywords={Iron;Evolutionary computation;Information theory;Minimax techniques;Simulated annealing;Algorithm design and analysis;Performance analysis;Probability distribution;Bayesian methods},
  doi={10.1109/4235.585893}}


@article{Raschka2018,
author = {Raschka, Sebastian},
year = {2018},
month = {11},
pages = {},
title = {{Model Evaluation, Model Selection, and Algorithm Selection in Machine Learning}}
}

@misc{SimonsInterview2024,
  author = {{English-Online.hr}},
  title = {{Jim Simons: A rare interview with the mathematician who cracked Wall Street}},
  year = {2024},
  howpublished = {\url{https://english-online.hr/materials/42d8c0fe0de3cd0}},
  note = {Accessed: 2024-04-05}
}

@misc{RenaissanceTech2024,
  author = {{Renaissance Technologies LLC}},
  title = {About - Renaissance Technologies},
  year = {2024},
  howpublished = {\url{https://www.rentec.com/Home.action?about=true}},
  note = {Accessed: 2024-04-05}
}

@article{tiwari2020modeling,
  title={{Modeling Insurance Claim Severity: An illustrative guide to model insurance claim severity using generalized linear models in Python \& R}},
  author={Tiwari, Ajay},
  journal={The Startup},
  year={2020},
  note={Published on March 30, 2020},
  url={https://medium.com/swlh/modeling-insurance-claim-severity-b449ac426c23}
}


@article{wood2020,
  author    = {Simon N. Wood},
  title     = {Inference and computation with generalized additive models and their extensions},
  journal   = {TEST},
  year      = {2020},
  volume    = {29},
  number    = {2},
  pages     = {307--339},
  month     = {June},
  doi       = {10.1007/s11749-020-00711-5},
  url       = {https://doi.org/10.1007/s11749-020-00711-5},
  publisher = {Springer},
}



@book{dobson,
	address = {Boca Raton},
	edition = {2nd},
	series = {Chapman \& {Hall}/{CRC} texts in statistical science series},
	title = {An introduction to generalized linear models},
	isbn = {978-1-58488-165-0},
	language = {en},
	publisher = {Chapman \& Hall/CRC},
	author = {Dobson, Annette J.},
	year = {2002},
        chapter={3},
	keywords = {Linear models (Statistics)},
	file = {Dobson - 2002 - An introduction to generalized linear models.pdf:files/12/Dobson - 2002 - An introduction to generalized linear models.pdf:application/pdf},
}

@book{hastie,
  title     = {The Elements of Statistical Learning: Data Mining, Inference, and Prediction},
  author    = {Trevor Hastie and Robert Tibshirani and Jerome Friedman},
  year      = {2009},
  edition   = {2nd},
  publisher = {Springer},
  address   = {New York},
  isbn      = {978-0-387-84857-0},
}

@Inbook{gupta,
author="Gupta, Arjun K.",
editor="Lovric, Miodrag",
title="Beta Distribution",
bookTitle="International Encyclopedia of Statistical Science",
year="2011",
publisher="Springer Berlin Heidelberg",
address="Berlin, Heidelberg",
pages="144--145",
isbn="978-3-642-04898-2",
doi="10.1007/978-3-642-04898-2_144",
url="https://doi.org/10.1007/978-3-642-04898-2_144"
}

@misc{masterproject,
  author       = {Myhre},
  title        = {MasterProject},
  year         = {2024},
  url          = {https://github.com/AllInCade/MasterProject},
  note         = {Accessed: 2024-05-27}
}


@misc{glmmTMBtroubleshooting,
  author       = {Brooks, Mollie E. and Kristensen, Kasper and van Benthem, Koen J. and Magnusson, Arni and Berg, Casper W. and Nielsen, Anders and Skaug, Hans J. and Maechler, Martin and Bolker, Benjamin M.},
  title        = {glmmTMB: Troubleshooting},
  year         = {2024},
  url          = {https://cran.r-project.org/web/packages/glmmTMB/vignettes/troubleshooting.html},
  note         = {Accessed: 2024-05-27}
}
